 @phdthesis{gentry-thesis,
     author = {Craig Gentry},
     title = {A fully homomorphic encryption scheme},
     school = {Stanford University},
     year = 2009,
     note = {crypto.stanford.edu/craig}
}

@book{becker,
    author = {Thomas Becker and Volker Weispfenning},
    title = {Gr\"obner Bases: A Computational Approach to Commutative Algebra},
    series = {Graduate Texts in Mathematics},
    volume = {141},
    year = {1993},
    note = {In Cooperation with Heinz Kredel},
    address = {New York},
    publisher = {Springer-Verlag},
    pages = {xxii+574},
    isbn = {0-387-97971-9},
}

@Misc{stillman-conv,
    author = {Mike Stillman},
    howpublished = {Personal communication},
    year = {2013}
}

@book {hoff-piph-silv,
    AUTHOR = {Hoffstein, Jeffrey and Pipher, Jill and Silverman, Joseph H.},
     TITLE = {An introduction to mathematical cryptography},
    SERIES = {Undergraduate Texts in Mathematics},
 PUBLISHER = {Springer},
   ADDRESS = {New York},
      YEAR = {2008},
     PAGES = {xvi+523},
      ISBN = {978-0-387-77993-5},
   MRCLASS = {94A60 (11T71 14G50)},
  MRNUMBER = {2433856 (2009m:94051)},
MRREVIEWER = {Jintai Ding},
}

@article {bayer-stillman,
    AUTHOR = {Bayer, David and Stillman, Michael},
     TITLE = {On the complexity of computing syzygies},
      NOTE = {Computational aspects of commutative algebra},
   JOURNAL = {J. Symbolic Comput.},
  FJOURNAL = {Journal of Symbolic Computation},
    VOLUME = {6},
      YEAR = {1988},
    NUMBER = {2-3},
     PAGES = {135--147},
      ISSN = {0747-7171},
   MRCLASS = {68Q40 (13-04 13B25)},
  MRNUMBER = {988409 (90g:68071)},
MRREVIEWER = {Daniel Lazard},
       DOI = {10.1016/S0747-7171(88)80039-7},
       URL = {http://dx.doi.org/10.1016/S0747-7171(88)80039-7},
}

@incollection {polly-cracker-revisited,
    AUTHOR = {Albrecht, Martin R. and Farshim, Pooya and Faug{\`e}re,
              Jean-Charles and Perret, Ludovic},
     TITLE = {Polly {C}racker, revisited},
 BOOKTITLE = {Advances in cryptology---{ASIACRYPT} 2011},
    SERIES = {Lecture Notes in Comput. Sci.},
    VOLUME = {7073},
     PAGES = {179--196},
 PUBLISHER = {Springer},
   ADDRESS = {Heidelberg},
      YEAR = {2011},
   MRCLASS = {94A60 (13P10)},
  MRNUMBER = {2935003},
MRREVIEWER = {Siva Anantharaman},
       DOI = {10.1007/978-3-642-25385-0_10},
       URL = {http://dx.doi.org/10.1007/978-3-642-25385-0_10},
}

@Manual {gmp-manual,
    author = {Torbj\"orn Granlund and the GMP development team},
    title = {GNU MP: The GNU Multiple Precision Arithmetic Library},
    year = {2012},
    edition = {5.0.5},
    note = {http://gmplib.org/manual/}
}

@Manual {c++-tutorial,
    author = {Juan Souli\'e},
    title = {C++ Language Tutorial},
    year = {2007},
    note = {cplusplus.com}
}

@Misc{M2,
    author = {Grayson, Daniel R. and Stillman, Michael E.},
    title = {Macaulay2, a software system for research
           in algebraic geometry},
    howpublished = {Available at http://www.math.uiuc.edu/Macaulay2/}
}

@inproceedings{faugere-fgb,
  teams = {SALSA},
  labs = {LIP6},
  author = {Faug\`ere, Jean-Charles},
  title = {{FGb: A Library for Computing Gröbner Bases}},
  booktitle = {{Mathematical Software - ICMS 2010}},
  series = {Lecture Notes in Computer Science},
  editor = {Fukuda, Komei and Hoeven, Joris and Joswig, Michael and Takayama, Nobuki},
  publisher = {Springer Berlin / Heidelberg},
  year = {2010},
  x-invited-conference = {yes},
  x-editorial-board = {yes},
  x-international-audience = {yes},
  x-proceedings = {yes},
  pages = {84--87},
  volume = {6327},
  url = {http://www-polsys.lip6.fr/~jcf/Papers/ICMS.pdf},
  doi = {10.1007/978-3-642-15582-6_17},
  address = {Berlin, Heidelberg},
  location = {Kobe, Japan},
  month = {September}
}

@manual{sage,
  Key          = {Sage},
  Author       = {W.\thinspace{}A. Stein and others},
  Organization = {The Sage Development Team},
  Title        = {{S}age {M}athematics {S}oftware ({V}ersion 4.7.2)},
  note         = {{\tt http://www.sagemath.org}},
  Year         = {2011},
}

@book{knuth-vol1,
  author    = {Donald E. Knuth},
  title     = {The Art of Computer Programming, Volume I: Fundamental Algorithms,
               2nd Edition},
  publisher = {Addison-Wesley},
  year      = {1973},
  bibsource = {DBLP, http://dblp.uni-trier.de}
}

@incollection {fellows-koblitz,
    AUTHOR = {Fellows, Michael and Koblitz, Neal},
     TITLE = {Combinatorial cryptosystems galore!},
 BOOKTITLE = {Finite fields: theory, applications, and algorithms ({L}as
              {V}egas, {NV}, 1993)},
    SERIES = {Contemp. Math.},
    VOLUME = {168},
     PAGES = {51--61},
 PUBLISHER = {Amer. Math. Soc.},
   ADDRESS = {Providence, RI},
      YEAR = {1994},
   MRCLASS = {94A60 (11T71)},
  MRNUMBER = {1291417 (95e:94028)},
       DOI = {10.1090/conm/168/01688},
       URL = {http://dx.doi.org/10.1090/conm/168/01688},
}

@article {barkee,
    AUTHOR = {Barkee, Boo and Can, Deh Cac and Ecks, Julia and Moriarty,
              Theo and Ree, R. F.},
     TITLE = {Why you cannot even hope to use {G}r\"obner bases in public
              key cryptography: an open letter to a scientist who failed and
              a challenge to those who have not yet failed},
   JOURNAL = {J. Symbolic Comput.},
  FJOURNAL = {Journal of Symbolic Computation},
    VOLUME = {18},
      YEAR = {1994},
    NUMBER = {6},
     PAGES = {497--501},
      ISSN = {0747-7171},
   MRCLASS = {94A60},
  MRNUMBER = {1334658},
       DOI = {10.1006/jsco.1994.1061},
       URL = {http://dx.doi.org/10.1006/jsco.1994.1061},
}

@article{dickenstein,
title = {The membership problem for unmixed polynomial ideals is solvable in single exponential time},
journal = {Discrete Applied Mathematics},
volume = {33},
number = {1‚Äì3},
pages = {73 - 94},
year = {1991},
note = {},
issn = {0166-218X},
doi = {10.1016/0166-218X(91)90109-A},
url = {http://www.sciencedirect.com/science/article/pii/0166218X9190109A},
author = {Alicia Dickenstein and Noa\"i Fitchas and Marc Giusti and Carmen Sessa}
}

@book {lang-algebra,
    AUTHOR = {Lang, Serge},
     TITLE = {Algebra},
    SERIES = {Graduate Texts in Mathematics},
    VOLUME = {211},
   EDITION = {third},
 PUBLISHER = {Springer-Verlag},
   ADDRESS = {New York},
      YEAR = {2002},
     PAGES = {xvi+914},
      ISBN = {0-387-95385-X},
   MRCLASS = {00A05 (15-02)},
  MRNUMBER = {1878556 (2003e:00003)},
       DOI = {10.1007/978-1-4613-0041-0},
       URL = {http://dx.doi.org/10.1007/978-1-4613-0041-0},
}

@Manual {maple-user-manual,
    author = {Maplesoft, a division of Waterloo Maple Inc.},
    title = {Maple User Manual},
    year = {2005-2013},
    address = {Toronto},
    note = {http://www.maplesoft.com/support/help/Maple/view.aspx?path=author},
}

@Manual {maple-programming-guide,
    author = {Maplesoft, a division of Waterloo Maple Inc.},
    title = {Maple Programming Guide},
    year = {2013},
    address = {Toronto},
    note = {http://www.maplesoft.com/support/help/Maple/view.aspx?path=author},
}

@inproceedings{lauter-practicality,
 author = {Naehrig, Michael and Lauter, Kristin and Vaikuntanathan, Vinod},
 title = {Can homomorphic encryption be practical?},
 booktitle = {Proceedings of the 3rd ACM workshop on Cloud computing security workshop},
 series = {CCSW '11},
 year = {2011},
 isbn = {978-1-4503-1004-8},
 location = {Chicago, Illinois, USA},
 pages = {113--124},
 numpages = {12},
 url = {http://doi.acm.org/10.1145/2046660.2046682},
 doi = {10.1145/2046660.2046682},
 acmid = {2046682},
 publisher = {ACM},
 address = {New York, NY, USA},
 keywords = {fully homomorphic encryption, lattices, magma, ring learning with errors},
}

@book {dummit-foote,
    AUTHOR = {Dummit, David S. and Foote, Richard M.},
     TITLE = {Abstract algebra},
   EDITION = {Third},
 PUBLISHER = {John Wiley \& Sons Inc.},
   ADDRESS = {Hoboken, NJ},
      YEAR = {2004},
     PAGES = {xii+932},
      ISBN = {0-471-43334-9},
   MRCLASS = {00-01 (16-01 20-01)},
  MRNUMBER = {2286236 (2007h:00003)},
}

@book {cohen-computational-nt,
    AUTHOR = {Cohen, Henri},
     TITLE = {A course in computational algebraic number theory},
    SERIES = {Graduate Texts in Mathematics},
    VOLUME = {138},
 PUBLISHER = {Springer-Verlag},
   ADDRESS = {Berlin},
      YEAR = {1993},
     PAGES = {xii+534},
      ISBN = {3-540-55640-0},
   MRCLASS = {11Y40 (11Rxx 68Q40)},
  MRNUMBER = {1228206 (94i:11105)},
MRREVIEWER = {Joe P. Buhler},
}

@incollection {van-dijk-fhe-over-z,
    AUTHOR = {van Dijk, Marten and Gentry, Craig and Halevi, Shai and
              Vaikuntanathan, Vinod},
     TITLE = {Fully homomorphic encryption over the integers},
 BOOKTITLE = {Advances in cryptology---{EUROCRYPT} 2010},
    SERIES = {Lecture Notes in Comput. Sci.},
    VOLUME = {6110},
     PAGES = {24--43},
 PUBLISHER = {Springer},
   ADDRESS = {Berlin},
      YEAR = {2010},
   MRCLASS = {94A60},
  MRNUMBER = {2660481},
       DOI = {10.1007/978-3-642-13190-5_2},
       URL = {http://dx.doi.org/10.1007/978-3-642-13190-5_2},
}